%%%%%%%%%%%%%%%%%%%%%%%%%%%%%%%%%%%%%%%%%%%%%%%%%%%%%%%%%%%%%%%%%%%%%%%%%%%%%%%%%%%%%%%%%%%%%%%%%%%%%%%%%%%%%%%%%%
% Commercial systems for traffic control
% SCOOT
@article{Robertson1991,
    title     = {Optimizing networks of traffic signals in real time-the SCOOT method},
    author    = {Robertson, Dennis I and Bretherton, R David},
    journal   = {Vehicular Technology, IEEE Transactions on},
    volume    = {40},
    number    = {1},
    pages     = {11--15},
    year      = {1991},
    publisher = {IEEE}
}
% TRANSYT
@article{Robertson1969,
    title   = {TRANSYT method for area traffic control},
    author  = {Robertson, Dennis I},
    journal = {Traffic Engineering \& Control},
    volume  = {11},
    number  = {6},
    year    = {1969}
}
% SCAT
@article{Sims1980,
    title     = {The Sydney coordinated adaptive traffic (SCAT) system philosophy and benefits},
    author    = {Sims, Arthur G and Dobinson, KW},
    journal   = {Vehicular Technology, IEEE Transactions on},
    volume    = {29},
    number    = {2},
    pages     = {130--137},
    year      = {1980},
    publisher = {IEEE}
}
